@ARTICLE{DominoEff,
title="The Domino Effect",
author="J. M. J. van Leeuwen",
journal="Cornell University Library",
year="2008",
month="February"
}

@ARTICLE{FallingDominoes,
title="Falling Dominoes",
author="Steve Koellhoffer and Chana Kuhns and Karen Tsang Mike Zeitz
",
journal="Department of Mathematical Sciences Archives, University of Delaware",
year="2005",
month="December",
pages="5-8"
}

@ARTICLE{Wiki,
author="Wikipedia-the free encyclopedia",
title="List of moments of inertia"
}

